<?xml version="1.0" encoding="UTF-8"?>
<record xmlns="http://www.loc.gov/MARC21/slim">
   <leader>03058cgm a2200613Ia 4500</leader>
   <controlfield tag="001">4185349</controlfield>
   <controlfield tag="005">20080629001127.0</controlfield>
   <controlfield tag="007">vd cvaizk</controlfield>
   <controlfield tag="008">080527p20072006enk129            vlger d</controlfield>
   <datafield tag="024" ind1="1" ind2=" ">
      <subfield code="a">809478009856</subfield>
   </datafield>
   <datafield tag="028" ind1="4" ind2="2">
      <subfield code="a">OA 0985 D</subfield>
      <subfield code="b">Opus Arte</subfield>
   </datafield>
   <datafield tag="035" ind1=" " ind2=" ">
      <subfield code="a">ocn185254317</subfield>
   </datafield>
   <datafield tag="040" ind1=" " ind2=" ">
      <subfield code="a">TEFMT</subfield>
      <subfield code="c">TEFMT</subfield>
      <subfield code="d">CIN</subfield>
      <subfield code="d">RCS</subfield>
      <subfield code="d">CUY</subfield>
      <subfield code="b">eng</subfield>
   </datafield>
   <datafield tag="041" ind1="0" ind2=" ">
      <subfield code="a">ger</subfield>
      <subfield code="b">eng</subfield>
      <subfield code="b">fre</subfield>
      <subfield code="b">ger</subfield>
      <subfield code="b">spa</subfield>
      <subfield code="b">ita</subfield>
      <subfield code="b">cat</subfield>
      <subfield code="h">ger</subfield>
      <subfield code="g">eng</subfield>
      <subfield code="g">ger</subfield>
      <subfield code="g">fre</subfield>
      <subfield code="g">spa</subfield>
   </datafield>
   <datafield tag="090" ind1=" " ind2=" ">
      <subfield code="a">M 1500 B49 W69 2007</subfield>
      <subfield code="b">AEKC</subfield>
   </datafield>
   <datafield tag="100" ind1="1" ind2=" ">
      <subfield code="a">Berg, Alban,</subfield>
      <subfield code="d">1885-1935.</subfield>
   </datafield>
   <datafield tag="240" ind1="0" ind2="0">
      <subfield code="a">Wozzeck/ [videorecording] /by Alban Berg ; from Gran Teatre del Liceu-Barcelona, a Gran Teatre del Liceu production.</subfield>
   </datafield>
   <datafield tag="245" ind1="0" ind2="0">
      <subfield code="a">Wozzeck [videorecording] 2007</subfield>
      <subfield code="h">[videorecording] /</subfield>
      <subfield code="c">by Alban Berg ; from Gran Teatre del Liceu-Barcelona, a Gran Teatre del Liceu production.</subfield>
   </datafield>
   <datafield tag="260" ind1=" " ind2=" ">
      <subfield code="a">Waldron, Heathfield, East Sussex, U.K. :</subfield>
      <subfield code="b">Opus Arte ;</subfield>
      <subfield code="a">[Madrid, Spain] :</subfield>
      <subfield code="b">Telefonica,</subfield>
      <subfield code="c">c2007.</subfield>
   </datafield>
   <datafield tag="300" ind1=" " ind2=" ">
      <subfield code="a">1 videodisc (129 min.) :</subfield>
      <subfield code="b">sd. col. ;</subfield>
      <subfield code="c">4 3/4 in.</subfield>
   </datafield>
   <datafield tag="336" ind1=" " ind2=" ">
      <subfield code="a">two-dimensional moving image</subfield>
      <subfield code="b">tdi</subfield>
      <subfield code="2">rdacontent</subfield>
   </datafield>
   <datafield tag="337" ind1=" " ind2=" ">
      <subfield code="a">video</subfield>
      <subfield code="b">v</subfield>
      <subfield code="2">rdamedia</subfield>
   </datafield>
   <datafield tag="338" ind1=" " ind2=" ">
      <subfield code="a">videodisc</subfield>
      <subfield code="b">vd</subfield>
      <subfield code="2">rdacarrier</subfield>
   </datafield>
   <datafield tag="500" ind1=" " ind2=" ">
      <subfield code="a">Program notes in English, German, French and Spanish in container.</subfield>
   </datafield>
   <datafield tag="500" ind1=" " ind2=" ">
      <subfield code="a">Libretto by the composer after Georg Büchner's Woyzeck.</subfield>
   </datafield>
   <datafield tag="500" ind1=" " ind2=" ">
      <subfield code="a">Special features: Documentary (interview with Sebastian Weigle and Calixto Bieito), synopsis and cast gallery.</subfield>
   </datafield>
   <datafield tag="508" ind1=" " ind2=" ">
      <subfield code="a">Stage director, Calixto Bieito; set designer, Alfons Flores; costume designer, Marcè Paloma; lighting designer, Xavi Clot; directed for TV and video by Pietro D'Agostino.</subfield>
   </datafield>
   <datafield tag="511" ind1="0" ind2=" ">
      <subfield code="a">Franz Hawlata (Wozzeck) ; Reiner Goldberg (Drum Major) ; Angela Denoke (Marie) ; Hubert Delamboye (Captain) ; Johann Tilli (Doctor) ; David Kuebler (Andres) ; Vivien Tierney (Margret) ; Steven Cole (Fool) ; Symphony Orchestra and Chorus of the Gran Teatre Del Liceu ; Vivaldi Chorus - IPSI Petits Cantors de Catalunya ; Sebastian Weigle, conductor.</subfield>
   </datafield>
   <datafield tag="518" ind1=" " ind2=" ">
      <subfield code="a">Recorded in performance Jan. 14 and 17, 2006, Gran Teatre de Liceu, Barcelona.</subfield>
   </datafield>
   <datafield tag="520" ind1=" " ind2=" ">
      <subfield code="a">Calixto Bieito's controversial but visually stunning production is set in a grisly, chaotic, post-industrial maze, giving a contemporary edge to the disturbing and hair-raising intensity of Alban Berg's expressionistic masterpiece.</subfield>
   </datafield>
   <datafield tag="538" ind1=" " ind2=" ">
      <subfield code="a">DVD.</subfield>
   </datafield>
   <datafield tag="546" ind1=" " ind2=" ">
      <subfield code="a">Sung in German with optional subtitles in English, French, German, Spanish, Italian, and Catalan.</subfield>
   </datafield>
   <datafield tag="596" ind1=" " ind2=" ">
      <subfield code="a">31</subfield>
   </datafield>
   <datafield tag="650" ind1=" " ind2="0">
      <subfield code="a">Operas.</subfield>
   </datafield>
   <datafield tag="700" ind1="1" ind2=" ">
      <subfield code="a">Hawlata, Franz.</subfield>
   </datafield>
   <datafield tag="700" ind1="1" ind2=" ">
      <subfield code="a">Goldberg, Reiner.</subfield>
   </datafield>
   <datafield tag="700" ind1="1" ind2=" ">
      <subfield code="a">Denoke, Angela.</subfield>
   </datafield>
   <datafield tag="700" ind1="1" ind2=" ">
      <subfield code="a">Delamboye, Hubert.</subfield>
   </datafield>
   <datafield tag="700" ind1="1" ind2=" ">
      <subfield code="a">Tilli, Johann.</subfield>
   </datafield>
   <datafield tag="700" ind1="1" ind2=" ">
      <subfield code="a">Kuebler, David.</subfield>
   </datafield>
   <datafield tag="700" ind1="1" ind2=" ">
      <subfield code="a">Tierney, Vivian.</subfield>
   </datafield>
   <datafield tag="700" ind1="1" ind2=" ">
      <subfield code="a">Cole, Steven.</subfield>
   </datafield>
   <datafield tag="700" ind1="1" ind2=" ">
      <subfield code="a">Weigle, Sebastian.</subfield>
   </datafield>
   <datafield tag="700" ind1="1" ind2=" ">
      <subfield code="a">Bieito, Calixto,</subfield>
      <subfield code="d">1963-</subfield>
   </datafield>
   <datafield tag="700" ind1="1" ind2=" ">
      <subfield code="a">Flores, Alfons.</subfield>
   </datafield>
   <datafield tag="700" ind1="1" ind2=" ">
      <subfield code="a">Paloma, Mercè.</subfield>
   </datafield>
   <datafield tag="700" ind1="1" ind2=" ">
      <subfield code="a">Clot, Xavi.</subfield>
   </datafield>
   <datafield tag="700" ind1="1" ind2=" ">
      <subfield code="a">D'Agostino, Pietro.</subfield>
   </datafield>
   <datafield tag="700" ind1="1" ind2=" ">
      <subfield code="a">Büchner, Georg,</subfield>
      <subfield code="d">1813-1837.</subfield>
      <subfield code="t">Woyzeck.</subfield>
   </datafield>
   <datafield tag="710" ind1="2" ind2=" ">
      <subfield code="a">Gran Teatre del Liceu (Barcelona, Spain)</subfield>
   </datafield>
   <datafield tag="710" ind1="2" ind2=" ">
      <subfield code="a">Teatro Real (Madrid, Spain)</subfield>
   </datafield>
   <datafield tag="710" ind1="2" ind2=" ">
      <subfield code="a">Cor Vivaldi.</subfield>
   </datafield>
   <datafield tag="710" ind1="2" ind2=" ">
      <subfield code="a">Opus Arte (Firm)</subfield>
   </datafield>
   <datafield tag="710" ind1="2" ind2=" ">
      <subfield code="a">Compañía Telefónica Nacional de España.</subfield>
   </datafield>
   <datafield tag="926" ind1=" " ind2=" ">
      <subfield code="a">KINGS</subfield>
      <subfield code="b">VIDEOS</subfield>
      <subfield code="c">M 1500 B49 W69 2007</subfield>
      <subfield code="d">VIDEO</subfield>
      <subfield code="f">1</subfield>
   </datafield>
</record>
